<record><leader>00000cas a22000007a 4500</leader><controlfield tag="001">11625420</controlfield><controlfield tag="008">850128d1966198utxudn ne      0   a0eng d</controlfield><datafield ind1=" " ind2=" " tag="010"><subfield code="a">sn 85000351 </subfield></datafield><datafield ind1=" " ind2=" " tag="040"><subfield code="a">NSD</subfield><subfield code="b">eng</subfield><subfield code="c">NSD</subfield><subfield code="d">PPM</subfield><subfield code="d">NSD</subfield><subfield code="d">OCLCQ</subfield></datafield><datafield ind1=" " ind2=" " tag="012"><subfield code="j">0</subfield><subfield code="m">d</subfield></datafield><datafield ind1="1" ind2=" " tag="022"><subfield code="a">8750-6440</subfield><subfield code="l">8750-6440</subfield><subfield code="2">1</subfield></datafield><datafield ind1=" " ind2=" " tag="037"><subfield code="b">Mid-Cities Daily News, P.O. Box 517, Hurst, TX 76053</subfield></datafield><datafield ind1=" " ind2=" " tag="042"><subfield code="a">nsdp</subfield></datafield><datafield ind1=" " ind2="0" tag="222"><subfield code="a">Mid-cities daily news</subfield></datafield><datafield ind1="0" ind2="0" tag="245"><subfield code="a">Mid-cities daily news.</subfield></datafield><datafield ind1="3" ind2="0" tag="246"><subfield code="a">Daily news</subfield></datafield><datafield ind1=" " ind2=" " tag="260"><subfield code="a">Hurst, Tex. :</subfield><subfield code="b">News Texan Inc.</subfield></datafield><datafield ind1=" " ind2=" " tag="310"><subfield code="a">Daily (except Monday &amp; Christmas),</subfield><subfield code="b">&lt;Mar. 7, 1987-&gt;</subfield></datafield><datafield ind1=" " ind2=" " tag="321"><subfield code="a">Daily (except Saturday),</subfield><subfield code="b">&lt;Dec. 28, 1984-&gt;</subfield></datafield><datafield ind1="0" ind2=" " tag="362"><subfield code="a">Vol. 13, no. 176 (Aug. 1, 1966)-</subfield></datafield><datafield ind1=" " ind2=" " tag="500"><subfield code="a">Imprint varies: Arlington, Tex. : Dallas-Fort Worth Suburban Newspapers, Inc., &lt;Mar. 7, 1987-&gt;</subfield></datafield><datafield ind1=" " ind2=" " tag="588"><subfield code="a">Latest issue consulted: Vol. 79, no. 56 (Saturday, Mar. 7, 1987).</subfield></datafield><datafield ind1=" " ind2=" " tag="752"><subfield code="a">United States</subfield><subfield code="b">Texas</subfield><subfield code="c">Dallas</subfield><subfield code="d">Hurst.</subfield></datafield><datafield ind1="0" ind2="0" tag="780"><subfield code="t">Mid-cities news Texan</subfield><subfield code="w">(OCoLC)17653502</subfield></datafield><datafield ind1="0" ind2="0" tag="785"><subfield code="t">Mid-cities news</subfield><subfield code="x">1044-0089</subfield><subfield code="w">(DLC)sn 89000049</subfield><subfield code="w">(OCoLC)19683661</subfield></datafield></record>